%YAML 1.1
%TAG !u! tag:unity3d.com,2011:
--- !u!1 &3401218331316497312
GameObject:
  m_ObjectHideFlags: 0
  m_CorrespondingSourceObject: {fileID: 0}
  m_PrefabInstance: {fileID: 0}
  m_PrefabAsset: {fileID: 0}
  serializedVersion: 6
  m_Component:
  - component: {fileID: 3401218331316497313}
  m_Layer: 0
  m_Name: SwipeRotUp
  m_TagString: Untagged
  m_Icon: {fileID: 0}
  m_NavMeshLayer: 0
  m_StaticEditorFlags: 0
  m_IsActive: 1
--- !u!4 &3401218331316497313
Transform:
  m_ObjectHideFlags: 0
  m_CorrespondingSourceObject: {fileID: 0}
  m_PrefabInstance: {fileID: 0}
  m_PrefabAsset: {fileID: 0}
  m_GameObject: {fileID: 3401218331316497312}
  m_LocalRotation: {x: 0, y: 0, z: 0, w: 1}
  m_LocalPosition: {x: -4.79, y: 8.92, z: -1.1456468}
  m_LocalScale: {x: 1, y: 1, z: 1}
  m_Children:
  - {fileID: 1540425740738937370}
  m_Father: {fileID: 0}
  m_RootOrder: 0
  m_LocalEulerAnglesHint: {x: 0, y: 0, z: 0}
--- !u!1 &3401218331518127513
GameObject:
  m_ObjectHideFlags: 0
  m_CorrespondingSourceObject: {fileID: 0}
  m_PrefabInstance: {fileID: 0}
  m_PrefabAsset: {fileID: 0}
  serializedVersion: 6
  m_Component:
  - component: {fileID: 3401218331518127519}
  - component: {fileID: 3401218331518127518}
  - component: {fileID: 1196424988503223974}
  m_Layer: 0
  m_Name: Normal Arrow
  m_TagString: Untagged
  m_Icon: {fileID: 0}
  m_NavMeshLayer: 0
  m_StaticEditorFlags: 0
  m_IsActive: 1
--- !u!4 &3401218331518127519
Transform:
  m_ObjectHideFlags: 0
  m_CorrespondingSourceObject: {fileID: 0}
  m_PrefabInstance: {fileID: 0}
  m_PrefabAsset: {fileID: 0}
  m_GameObject: {fileID: 3401218331518127513}
  m_LocalRotation: {x: 0, y: 0, z: -0.7071068, w: 0.7071068}
  m_LocalPosition: {x: -0.0143, y: 0.3271, z: 0}
  m_LocalScale: {x: 0.04999999, y: 0.04999999, z: 1}
  m_Children: []
  m_Father: {fileID: 1540425740738937370}
  m_RootOrder: 0
  m_LocalEulerAnglesHint: {x: 0, y: 0, z: -90}
--- !u!212 &3401218331518127518
SpriteRenderer:
  m_ObjectHideFlags: 0
  m_CorrespondingSourceObject: {fileID: 0}
  m_PrefabInstance: {fileID: 0}
  m_PrefabAsset: {fileID: 0}
  m_GameObject: {fileID: 3401218331518127513}
  m_Enabled: 1
  m_CastShadows: 0
  m_ReceiveShadows: 0
  m_DynamicOccludee: 1
  m_MotionVectors: 1
  m_LightProbeUsage: 1
  m_ReflectionProbeUsage: 1
  m_RayTracingMode: 0
  m_RayTraceProcedural: 0
  m_RenderingLayerMask: 1
  m_RendererPriority: 0
  m_Materials:
  - {fileID: 10754, guid: 0000000000000000f000000000000000, type: 0}
  m_StaticBatchInfo:
    firstSubMesh: 0
    subMeshCount: 0
  m_StaticBatchRoot: {fileID: 0}
  m_ProbeAnchor: {fileID: 0}
  m_LightProbeVolumeOverride: {fileID: 0}
  m_ScaleInLightmap: 1
  m_ReceiveGI: 1
  m_PreserveUVs: 0
  m_IgnoreNormalsForChartDetection: 0
  m_ImportantGI: 0
  m_StitchLightmapSeams: 1
  m_SelectedEditorRenderState: 0
  m_MinimumChartSize: 4
  m_AutoUVMaxDistance: 0.5
  m_AutoUVMaxAngle: 89
  m_LightmapParameters: {fileID: 0}
  m_SortingLayerID: 0
  m_SortingLayer: 0
  m_SortingOrder: 0
  m_Sprite: {fileID: 21300000, guid: a29935b5f546c22418f86c1c885b1504, type: 3}
  m_Color: {r: 1, g: 1, b: 1, a: 1}
  m_FlipX: 0
  m_FlipY: 0
  m_DrawMode: 0
  m_Size: {x: 7.09, y: 3.52}
  m_AdaptiveModeThreshold: 0.5
  m_SpriteTileMode: 0
  m_WasSpriteAssigned: 1
  m_MaskInteraction: 0
  m_SpriteSortPoint: 0
--- !u!114 &1196424988503223974
MonoBehaviour:
  m_ObjectHideFlags: 0
  m_CorrespondingSourceObject: {fileID: 0}
  m_PrefabInstance: {fileID: 0}
  m_PrefabAsset: {fileID: 0}
  m_GameObject: {fileID: 3401218331518127513}
  m_Enabled: 1
  m_EditorHideFlags: 0
  m_Script: {fileID: 11500000, guid: 5f39bfadea73fe24f9d73e40c7212a78, type: 3}
  m_Name: 
  m_EditorClassIdentifier: 
  rotationSpeed: 0.18
  target: 93
--- !u!114 &5881681683739830978
MonoBehaviour:
  m_ObjectHideFlags: 0
  m_CorrespondingSourceObject: {fileID: 0}
  m_PrefabInstance: {fileID: 0}
  m_PrefabAsset: {fileID: 0}
  m_GameObject: {fileID: 8975535099880750775}
  m_Enabled: 1
  m_EditorHideFlags: 0
  m_Script: {fileID: 11500000, guid: a33cb588f8f836045802ddce119eece8, type: 3}
  m_Name: 
  m_EditorClassIdentifier: 
  moveSpeed: 3
--- !u!1001 &7309541859461424405
PrefabInstance:
  m_ObjectHideFlags: 0
  serializedVersion: 2
  m_Modification:
    m_TransformParent: {fileID: 3401218331316497313}
    m_Modifications:
    - target: {fileID: 1830265775379272314, guid: 10d4a330b47f3754caf6b5d69567f271, type: 3}
      propertyPath: m_SpriteTilingProperty.oldSize.x
      value: 0.4
      objectReference: {fileID: 0}
    - target: {fileID: 1830265775379272314, guid: 10d4a330b47f3754caf6b5d69567f271, type: 3}
      propertyPath: m_SpriteTilingProperty.oldSize.y
      value: 0.41
      objectReference: {fileID: 0}
    - target: {fileID: 1873273185508187042, guid: 10d4a330b47f3754caf6b5d69567f271, type: 3}
      propertyPath: m_Name
      value: opossum-2
      objectReference: {fileID: 0}
    - target: {fileID: 1873273185508187042, guid: 10d4a330b47f3754caf6b5d69567f271, type: 3}
      propertyPath: m_TagString
      value: Enemy
      objectReference: {fileID: 0}
    - target: {fileID: 2533288022936155140, guid: 10d4a330b47f3754caf6b5d69567f271, type: 3}
      propertyPath: m_Sprite
      value: 
      objectReference: {fileID: 21300000, guid: f240dfd4814d34d55a9b033f3c9d8a60, type: 3}
    - target: {fileID: 8074959196775720719, guid: 10d4a330b47f3754caf6b5d69567f271, type: 3}
      propertyPath: m_LocalPosition.x
      value: -4.9333863
      objectReference: {fileID: 0}
    - target: {fileID: 8074959196775720719, guid: 10d4a330b47f3754caf6b5d69567f271, type: 3}
      propertyPath: m_LocalPosition.y
      value: -1.188318
      objectReference: {fileID: 0}
    - target: {fileID: 8074959196775720719, guid: 10d4a330b47f3754caf6b5d69567f271, type: 3}
      propertyPath: m_LocalPosition.z
      value: 1.1456468
      objectReference: {fileID: 0}
    - target: {fileID: 8074959196775720719, guid: 10d4a330b47f3754caf6b5d69567f271, type: 3}
      propertyPath: m_LocalRotation.x
      value: -0
      objectReference: {fileID: 0}
    - target: {fileID: 8074959196775720719, guid: 10d4a330b47f3754caf6b5d69567f271, type: 3}
      propertyPath: m_LocalRotation.y
      value: -0
      objectReference: {fileID: 0}
    - target: {fileID: 8074959196775720719, guid: 10d4a330b47f3754caf6b5d69567f271, type: 3}
      propertyPath: m_LocalRotation.z
      value: 0.7071068
      objectReference: {fileID: 0}
    - target: {fileID: 8074959196775720719, guid: 10d4a330b47f3754caf6b5d69567f271, type: 3}
      propertyPath: m_LocalRotation.w
      value: 0.7071068
      objectReference: {fileID: 0}
    - target: {fileID: 8074959196775720719, guid: 10d4a330b47f3754caf6b5d69567f271, type: 3}
      propertyPath: m_RootOrder
      value: 0
      objectReference: {fileID: 0}
    - target: {fileID: 8074959196775720719, guid: 10d4a330b47f3754caf6b5d69567f271, type: 3}
      propertyPath: m_LocalEulerAnglesHint.x
      value: 0
      objectReference: {fileID: 0}
    - target: {fileID: 8074959196775720719, guid: 10d4a330b47f3754caf6b5d69567f271, type: 3}
      propertyPath: m_LocalEulerAnglesHint.y
      value: 0
      objectReference: {fileID: 0}
    - target: {fileID: 8074959196775720719, guid: 10d4a330b47f3754caf6b5d69567f271, type: 3}
      propertyPath: m_LocalEulerAnglesHint.z
      value: 90
      objectReference: {fileID: 0}
    - target: {fileID: 8074959196775720719, guid: 10d4a330b47f3754caf6b5d69567f271, type: 3}
      propertyPath: m_LocalScale.x
      value: 4.5
      objectReference: {fileID: 0}
    - target: {fileID: 8074959196775720719, guid: 10d4a330b47f3754caf6b5d69567f271, type: 3}
      propertyPath: m_LocalScale.y
      value: 4.5
      objectReference: {fileID: 0}
    m_RemovedComponents:
    - {fileID: 5676658832916084056, guid: 10d4a330b47f3754caf6b5d69567f271, type: 3}
  m_SourcePrefab: {fileID: 100100000, guid: 10d4a330b47f3754caf6b5d69567f271, type: 3}
--- !u!1 &8975535099880750775 stripped
GameObject:
  m_CorrespondingSourceObject: {fileID: 1873273185508187042, guid: 10d4a330b47f3754caf6b5d69567f271, type: 3}
  m_PrefabInstance: {fileID: 7309541859461424405}
  m_PrefabAsset: {fileID: 0}
--- !u!4 &1540425740738937370 stripped
Transform:
  m_CorrespondingSourceObject: {fileID: 8074959196775720719, guid: 10d4a330b47f3754caf6b5d69567f271, type: 3}
  m_PrefabInstance: {fileID: 7309541859461424405}
  m_PrefabAsset: {fileID: 0}
